@MISC{prodcon,
      author = "Wikipedia",
      title = "Producerâ€“consumer problem",
      howpublished = "\url{http://en.wikipedia.org/wiki/Producer%E2%80%93consumer_problem}"
}

